%% This is a BibTeX bibliogaphy 
%% Saved with string encoding Unicode (UTF-8)

@article{gallas2019,
  Author = {Gallas, Brandon D. and Chen, Weijie and Cole, Elodia and Ochs, Robert and Petrick, Nicholas A. and Pisano, Etta D. and Sahiner, Berkman and Samuelson, Frank W. and Myers, Kyle J.},
  Journal = {Journal of Medical Imaging}, 
  Pages = {015501}, 
  Title = {Impact of prevalence and case distribution in lab-based diagnostic imaging studies},
  Volume = {6},
  Issue = {1},
  Year = {2019},
  url = {https://doi.org/10.1117/1.JMI.6.1.015501}
}


@article{chen2012,
  Author = {Chen, Weijie and Petrick, Nicholas A. and Sahiner, Berkman},
  Journal = {Academic Radiology}, 
  Pages = {1158-1165}, 
  Title = {Hypothesis Testing in Noninferiority and Equivalence MRMC ROC Studies},
  Volume = {19},
  Issue = {6},
  Year = {2012},
  url = {https://doi.org/10.1016/j.acra.2012.04.011}
}


@article{gallas2006,
  Author = {Gallas, Brandon D.},
  Journal = {Academic Radiology}, 
  Pages = {353-362}, 
  Title = {One-Shot Estimate of MRMC Variance: AUC},
  Volume = {13},
  Issue = {3},
  Year = {2006},
  url = {https://doi.org/10.1016/j.acra.2005.11.030}
}


@article{gallas2009,
  Author = {Gallas, Brandon D. and Bandos, Andriy and Samuelson, Frank W. and Wagner, Robert F.},
  Journal = {Communications in Statistics—Theory and Methods}, 
  Pages = {2586–2603}, 
  Title = {A Framework for Random-Effects ROC Analysis: Biases with the Bootstrap and Other Variance Estimators},
  Volume = {38},
  Issue = {15},
  Year = {2009},
  url = {https://doi.org/10.1080/03610920802610084}
}

@misc{iMRMCgithub,
  Author = "{Gallas, Brandon D.}",
  Title = "{IMRMC-R v1.2.4: Application for Analyzing and Sizing MRMC Reader Studies.}",
  Year = "{2017}",
  howpublished = "\url{https://cran.r-project.org/web/packages/iMRMC/index.html}"
}

@article{gallas2008,
  Author = {Gallas, Brandon D. and Brown, David G.},
  Journal = {Neural Networks Special Conference Issue}, 
  Pages = {387-397}, 
  Title = {Reader studies for validation of CAD systems},
  Volume = {21},
  Issue = {2},
  Year = {2008},
  url = {https://doi.org/10.1016/j.neunet.2007.12.013}
}

@article{chen2018,
  Author = {Chen, Weijie and Gong, Qi and Gallas, Brandon D.},
  Journal = {Journal of Medical Imaging}, 
  Pages = {031410}, 
  Title = {Paired split-plot designs of multireader multicase studies},
  Volume = {5},
  Issue = {3},
  Year = {2018},
  url = {https://doi.org/10.1117/1.JMI.5.3.031410}
}